@online{heroku,
    title = "Heroku",
    url = "https://www.heroku.com/",
    date = Downloaded {2015-10-07}
}
@online{heroku-pricing,
    title = "Heroku Pricing",
    url = "https://www.heroku.com/pricing",
    date = Downloaded {2015-10-07}
}

@online{docker,
    title = "Docker - Build, ship, run any app. Anywhere.",
    url = "https://docker.io",
    date = Downloaded {2015-10-07}
}


@online{mongolab,
    title = "MongoLab",
    url = "https://www.mongolab.com/",
    date = Downloaded {2015-11-07}
}

@online{python-flask,
    title = "The Python Flask Microframework",
    url = "http://flask.pocoo.org/",
    date = Downloaded {2015-10-07}
}

@online{microsoft-dreamspark,
    title = "Microsoft DreamSpark",
    url = "https://www.dreamspark.com/",
    date = Downloaded {2015-10-07}
}
@online{digitalocean,
    title = "DigitalOcean - Simple Cloud Hosting, Build for Developers",
    url = "https://www.digitalocean.com/",
    date = Downloaded {2015-10-07}
}


@online{mongodb,
    title = "MongoDB Website",
    url = "https://www.mongodb.org/",
    date = Downloaded {2015-10-07}
}

@online{w3c-rest,
    title = "W3C Semantic Web: REST",
    url = "http://www.w3.org/2001/sw/wiki/REST",
    date = Downloaded {2015-10-07}
}
@online{node-mongodb-driver,
    title = "MongoDB-driver for NodeJS",
    url = "http://docs.mongodb.org/ecosystem/drivers/node-js/",
    date = Downloaded {2015-10-07}
}

@online{facebook-backend, 
    title = "Exploring the software behind Facebook, the worldâ€™s largest site",
    url = "http://royal.pingdom.com/2010/06/18/the-software-behind-facebook/",
    date = Downloaded {2015-10-07}
}

@online{node-frameworks-directory, 
    title = "List of Node Frameworks",
    url = "http://nodeframework.com/",
    date = Downloaded {2015-10-07}
}

@online{omnigraffle, 
    title = "Omnigraffle mockup tool for iOS",
    url = "https://www.omnigroup.com/omnigraffle",
    date = Downloaded {2015-10-21}
}

@online{balsamiq, 
    title = "Balsamiq mockup tool for creating generic mockups and wireframes",
    url = "https://balsamiq.com/",
    date = Downloaded {2015-10-21}
}

@online{robolectric, 
    title = "Robolectric Unit Testing framework for Android",
    url = "http://robolectric.org/",
    date = Downloaded {2015-10-21}
}

@online{protoio, 
    title = "Proto.io prototyping tool for Android \& iOS",
    url = "http://proto.io/",
    date = Downloaded {2015-10-21}
}

@online{realm, 
    title = "Realm database for Android \& iOS",
    url = "https://realm.io/",
    date = Downloaded {2015-10-21}
}

@online{gson, 
    title = "Google Gson for converting Java-objects to JSON and back",
    url = "https://github.com/google/gson",
    date = Downloaded {2015-10-21}
}

@online{mixpanel, 
    title = "Mixpanel for tracking mobile app usage",
    url = "https://mixpanel.com/",
    date = Downloaded {2015-10-21}
}

@online{gradle, 
    title = "Gradle build automation and dependency management",
    url = "http://gradle.org/",
    date = Downloaded {2015-10-21}
}

@online{swagger, 
    title = "Swagger: Framwork for RESTful APIs",
    url = "http://swagger.io/",
    date = Downloaded {2015-10-21}
}

@online{swagger-editor, 
    title = "Swagger Editor",
    url = "http://swagger.io/swagger-editor/",
    date = Downloaded {2015-11-07}
}

@online{swagger-ui, 
    title = "Swagger UI",
    url = "https://github.com/swagger-api/swagger-ui",
    date = Downloaded {2015-11-07}
}


@online{postman, 
    title = "Postman API Request Tester",
    url = "https://www.getpostman.com/",
    date = Downloaded {2015-10-21}
}


@online{otto, 
    title = "Otto event bus for Android",
    url = "http://square.github.io/otto/",
    date = Downloaded {2015-10-21}
}

@online{zxing, 
    title = "ZXing (Zebra crossing) barcode scanner library for Android",
    url = "https://github.com/zxing/zxing",
    date = Downloaded {2015-10-21}
}

@online{php-rise, 
    title = "PHP on the rise",
    url = "http://news.netcraft.com/archives/2013/01/31/php-just-grows-grows.html",
    date = Downloaded {2015-10-11}
}

@online{java-backend-jaxrs-tutorial, 
    title = "How to build RESTful Service with Java using JAX-RS and Jersey",
    url = "http://crunchify.com/how-tigio-build-restful-service-with-java-using-jax-rs-and-jersey/",
    date = Downloaded {2015-10-11}
}

@online{node-foundation-members, 
    title = "Node.js Foundation Members",
    url = "https://nodejs.org/en/foundation/members/",
    date = Downloaded {2015-10-12}
}

@online{nodejs, 
    title = "Node.js Platform",
    url = "https://nodejs.org",
    date = Downloaded {2015-10-12}
}

@online{node-about, 
    title = "About Node.js",
    url = "https://nodejs.org/en/about/",
    date = Downloaded {2015-10-12}
}

@online{android-standard, 
    title = "Android code standard",
    url = "https://source.android.com/source/code-style.html",
    date = Downloaded {2015-10-12}
}
@online{google-drive, 
    title = "Google Drive",
    url = "https://www.google.com/intl/en/drive/",
    date = Downloaded {2015-10-12}
}
@online{google-docs, 
    title = "Google Docs",
    url = "https://www.google.com/intl/en/docs/about/",
    date = Downloaded {2015-10-12}
}

@online{express, 
    title = "Express Framework for Node.js",
    url = "http://expressjs.com",
    date = Downloaded {2015-11-12}
}

@online{restling, 
    title = "The Restling  Framework for Node.js",
    url = "https://github.com/lucasfeliciano/restling",
    date = Downloaded {2015-11-12}
}

@online{actionhero, 
    title = "The actionHero.js framework for Node.js",
    url = "http://www.actionherojs.com/",
    date = Downloaded {2015-11-12}
}

@online{jira, 
    title = "JIRA Software",
    url = "https://www.atlassian.com/software/jira",
    date = Downloaded {2015-10-12}
}

@online{slack, 
    title = "Slack Messaging Application for Teams",
    url = "https://slack.com",
    date = Downloaded {2015-10-12}
}


@online{latex, 
    title = "An introduction to \LaTeX",
    url = "https://latex-project.org/intro.html",
    date = Downloaded {2015-10-12}
}

@online{share-latex, 
    title = "Share\LaTeX - the online \LaTeX-editor ",
    url = "https://www.sharelatex.com/",
    date = Downloaded {2015-10-12}
}

@online{git, 
    title = "Git",
    url = "https://git-scm.com/",
    date = Downloaded {2015-10-12}
}


@online{git-hub, 
    title = "GitHub",
    url = "https://github.com/",
    date = Downloaded {2015-10-12}
}

@online{dead-eclipse, 
    title = "An update on Eclipse Android Developer Tools",
    url = "http://android-developers.blogspot.no/2015/06/an-update-on-eclipse-android-developer.html",
    date = Downloaded {2015-10-12}
}

@online{android-studios, 
    title = "Android Studios",
    url = "http://developer.android.com/tools/studio/index.html",
    date = Downloaded {2015-11-9}
}

@online{android-intent, 
    title = "Intent - Android Developers",
    url = "http://developer.android.com/reference/android/content/Intent.html",
    date = Downloaded {2015-11-11}
}

@online{android-activity, 
    title = "Activity - Android Developers",
    url = "http://developer.android.com/guide/components/activities.html",
    date = Downloaded {2015-11-11}
}

@online{android-fragment, 
    title = "Fragment - Android Developers",
    url = "http://developer.android.com/guide/components/fragments.html",
    date = Downloaded {2015-11-11}
}



@online{github-api, 
    title = "GitHub API v3",
    url = "https://developer.github.com/v3/",
    date = Downloaded {2015-11-07}
}

@online{twitter-api, 
    title = "Twitter API",
    url = "https://dev.twitter.com/overview/api",
    date = Downloaded {2015-11-07}
}



@online{whitehouse-api-standard, 
    title = "White House Web API Standards",
    url = "https://github.com/WhiteHouse/api-standards",
    date = Downloaded {2015-11-07}
}

@online{node-joi-module, 
    title = "Joi schema validation tool for node",
    url = "https://github.com/hapijs/joi",
    date = Downloaded {2015-10-12}
}

@title{document-databases, 
    title = "An introduction to document databases",
    url = "http://weblogs.asp.net/britchie/document-databases",
    date = Downloaded {2010-08-12}
}

@book{lean-startup,
  title={The lean startup: How today's entrepreneurs use continuous innovation to create radically successful businesses},
  author={Ries, Eric},
  year={2011},
  publisher={Random House LLC}
}
@online{scrum-user-stories, 
    title = "Scrum User Stories",
    url = "http://scrummethodology.com/scrum-user-stories/",
    date = Downloaded {2015-10-29}
}

@online{scrum-retrospective, 
    title = "Scrum Retrospective Meeting",
    url = "http://scrumtrainingseries.com/SprintRetrospectiveMeeting/SprintRetrospectiveMeeting.html",
    date = Downloaded {2015-10-29}
}

@online{book-crossing,
    title = "BookCrossing",
    url = "http://www.bookcrossing.com/",
    date = Downloaded {2015-11-3}
}
 
@online{audacity,
    title = "Audacity",
    url = "http://audacityteam.org/",
    date = Downloaded {2015-11-3}
}

@online{docker-what-is,
    title = "Docker.io: What is Docker?",
    url = "https://www.docker.com/what-docker",
    date = Downloaded {2015-11-12}
}

@online{book-buddy,
    title = "BookBuddy",
    url = "https://itunes.apple.com/us/app/bookbuddy-pro-book-library/id395149950?mt=8",
    date = Downloaded {2015-11-4}
}
@online{lean-ux,
    title = "Case Study: Lean UX at work",
    url = "http://www.startuplessonslearned.com/2011/05/case-study-lean-ux-at-work.html",
    date = Downloaded {2015-11-5}
}

@online{scrum, 
    title = "Scrum",
    url = "http://scrummethodology.com/",
    date = Downloaded {2015-11-05}
}

@online{dockerpuller,
    title = "Dockerpuller",
    url = "https://github.com/glowdigitalmedia/docker-puller",
    date = Downloaded {2015-11-07}
}

@online{essoen-dockerpuller,
    title = "Dockerpuller - Rewritten by team member",
    url = "https://github.com/essoen/docker-puller",
    date = Downloaded {2015-11-07}
}

@online{dockerhub,
    title = "Docker Hub",
    url = "https://hub.docker.com/",
    date = Downloaded {2015-11-07}
}

@online{dockerhub-crowdshelf,
    title = "Docker Hub - The Crowdshelf Profile" ,
    url = "https://hub.docker.com/u/crowdshelf/",
    date = Downloaded {2015-11-07}
}

@online{dockerhub-builds,
    title = "Automatic builds on Docker Hub" ,
    url = "https://docs.docker.com/docker-hub/builds/",
    date = Downloaded {2015-11-07}
}

@online{nodemailer,
    title = "Nodemailer",
    url = "https://github.com/andris9/Nodemailer",
    date = Downloaded {2015-11-07}
}

@online{bcrypt,
    title = "Bcrypt for Node",
    url = "https://www.npmjs.com/package/bcrypt",
    date = Downloaded {2015-11-07}
}

@online{hat,
    title = "hat - genrate random ids and avoid collisions",
    url = "https://github.com/substack/node-hat",
    date = Downloaded {2015-11-07}
}

@online{appear-in,
    title = "Blogginâ€™ â€˜bout appearinâ€™ ",
    url = "http://blog.appear.in/post/64680433904/bloggin-bout-appearin",
    date = Downloaded {2015-11-07}
}

@online{json,
    title = "JSONâ€™ ",
    url = "http://www.json.org",
    date = Downloaded {2015-11-12}
}


@online{cocoapods, 
    title = "CocoaPods is the dependency manager for Swift and Objective-C Cocoa projects",
    url = "https://cocoapods.org/",
    date = Downloaded {2015-11-09}
}

@online{netlight, 
    title = "Netlight",
    url = "https://www.netlight.com/",
    date = Downloaded {2015-11-12}
}

@online{alamofire, 
    title = "Elegant networking in Swift",
    url = "https://github.com/Alamofire/Alamofire",
    date = Downloaded {2015-11-09}
}

@online{mtbbarcodescanner, 
    title = "A lightweight, easy-to-use barcode scanning library for iOS",
    url = "https://github.com/mikebuss/MTBBarcodeScanner",
    date = Downloaded {2015-11-09}
}

@online{testflight, 
    title = "TestFlight Beta Testing",
    url = "https://developer.apple.com/testflight/",
    date = Downloaded {2015-11-09}
}

@online{apple-developer-program, 
    title = "From Code to Customer",
    url = "https://developer.apple.com/programs/",
    date = Downloaded {2015-11-09}
}

@online{data-driven-programming, 
    title = "Data-driven programming",
    url = "http://www.catb.org/esr/writings/taoup/html/ch09s01.html",
    date = Downloaded {2015-11-09}
}

@online{google-books-api, 
    title = "Google Books API",
    url = "https://developers.google.com/books/",
    date = Downloaded {2015-11-09}
}

@online{ios-design,
    title = "Designing for iOS",
    url = "https://developer.apple.com/library/ios/documentation/UserExperience/Conceptual/MobileHIG/index.html",
    date = Dowloaded {2015-10-07}
}

@online{android-design,
    title = "Designing for Android",
    url = "http://developer.android.com/design/index.html",
    date = Downloaded {2015-10-07}
}

@online{architectural-pattern,
    title = "Architectural Pattern",
    url = "https://msdn.microsoft.com/en-us/library/ee658117.aspx",
    date = Downloaded {2015-10-09}
}

@online{human-interface-guidelines,
    title = "Human Interface Guidelines",
    url = "https://developer.apple.com/library/ios/documentation/UserExperience/Conceptual/MobileHIG/",
    date = Downloaded {2015-10-09}
}

@book{software-engineering,
  title={Software engineering},
  edition={9},
  author={Sommerville, Ian},
  year={2011},
  publisher={Pearson Education}
}


@online{bson,
    title = "BSON - Binary JSON",
    url = "http://bsonspec.org/",
    date = Downloaded {2015-11-10}
}

@online{ios-standard,
    title = "Swift standard by Ray Wenderlich",
    url = "https://github.com/raywenderlich/swift-style-guide",
    date = Downloaded {2015-11-10}
}

@online{facebook,
    title = "About Facebook",
    url = "https://www.facebook.com/facebook/info/?tab=page_info",
    date = Downloaded {2015-11-05}
}

@online{deutsche-succsess,
    title = "Success stories - Deutsche Telekom GmbH",
    url = "https://www.facebook.com/business/success/deutsche-telekom",
    date = Downloaded {2015-11-05}
}
@online{reason-online-marketing,
    title = "The Single Most Important Reason Why Online Marketing Is More Important Than Ever",
    url = "http://www.forbes.com/sites/nicoleleinbachreyhle/2015/06/16/the-single-most-important-reason-why-online-marketing-is-more-important-than-ever/",
    author ="Nicole Leinbach-Reyhle",
    date = Downloaded {2015-11-05}
}
@online{appear-in-blog,
    title = "The appear.in blog",
    url = "http://blog.appear.in/",
    date = Downloaded {2015-11-06}
}
@online{facebook-blog,
    title = "Facebook's developers blog",
    url = "https://developers.facebook.com/blog/",
    date = Downloaded {2015-11-06}
}
@online{google-blog,
    title = "The official Google blog",
    url = "https://googleblog.blogspot.no/",
    date = Downloaded {2015-11-06}
}
@online{snapchat-blog,
    title = "The Snapchat blog",
    url = "http://blog.snapchat.com/",
    date = Downloaded {2015-11-06}
}

@online{key-value-storage,
    title = "Key-value store",
    url = "http://blog.marc-seeger.de/assets/papers/Ultra_Large_Sites_SS09-Seeger_Key_Value_Stores.pdf",
    date = Downloaded {2015-11-10}
}

@online{mega-view-controller,
    title = "Massive view controllers on iOS",
    url = "http://khanlou.com/2014/09/8-patterns-to-help-you-destroy-massive-view-controller/",
    date = Downloaded {2015-11-10}
}

@phdthesis{fielding2000,
    title = "Architectural Styles and the Design of Network-based Software Architectures",
    author = "Roy Thomas Fielding",
    year = "2000",
    school = "University of California, Irvine"
    url = "http://www.ics.uci.edu/~fielding/pubs/dissertation/rest_arch_style.htm"
}

@online{rest-web-services,
    title = "REST and Web Services",
    url = "http://www.service-architecture.com/articles/web-services/representational_state_transfer_rest.html",
    date = Downloaded {2015-11-10}
}
@online{http-method-spec,
    title = "HTTP/1.1: Method Definitions (RFC 2616 Fielding, et al.)",
    url ="http://www.w3.org/Protocols/rfc2616/rfc2616-sec9.html",
    date = Downloaded {2015-11-10}
}
@online{pascal-case,
    title = "Capitalization Conventions",
    url ="https://msdn.microsoft.com/library/ms229043\%28v=vs.100\%29.aspx",
    date = Downloaded {2015-11-10}
}

@online(crockford, 
    title = "CCode Conventions for the JavaScript Programming Language by David Crockford",
    url = "http://javascript.crockford.com/code.html",
    date = Downloaded {2015-11-10} 
}

@online(programming-language-popularity-statistics, 
    title = "TIOBE Index",
    url = "http://www.tiobe.com/index.php/content/paperinfo/tpci/index.html",
    date = Downloaded {2015-11-11} 
}

@online(objc-swift-comparison, 
    title = "Is Swift Faster Than Objective-C?",
    url = "https://yalantis.com/blog/is-swift-faster-than-objective-c/",
    date = Downloaded {2015-11-11} 
}

@online(carthage, 
    title = "Carthage",
    url = "https://github.com/Carthage/Carthage",
    date = Downloaded {2015-11-11} 
}

@online(xcode, 
    title = "Xcode IDE",
    url = "https://developer.apple.com/xcode/ide/",
    date = Downloaded {2015-11-11} 
}

@book{progark,
  title={Software Architecture in Practice},
  edition={3},
  author={Len Bass and Paul Clements and Rick Kazman},
  year={2012},
  publisher={Addison Wesley}
}



@online(kanban-intro, 
    title = "A brief introduction to Kanban",
    url = "https://www.atlassian.com/agile/kanban",
    date = Downloaded {2015-11-12} 
}


@online(MVVM, 
    title = "Model View ViewModel",
    url = "https://msdn.microsoft.com/en-us/library/hh848246.aspx",
    date = Downloaded {2015-11-12} 
}

@online(google-play, 
    title = "Google Play",
    url = "https://play.google.com/store",
    date = Downloaded {2015-11-11} 
}
@online(git-commit, 
    title = "How to Write a Git Commit Message",
    url = "http://chris.beams.io/posts/git-commit/",
    date = Downloaded {2015-11-11} 
}


@online(uikit, 
    title = "UIKit",
    url = "https://developer.apple.com/library/ios/documentation/UIKit/Reference/UIKit_Framework/",
    date = Downloaded {2015-11-11} 
}
@online(tdt4290-ntnu, 
    title = "TDT4290 - Customer Driven Project",
    url = "http://www.ntnu.edu/studies/courses/TDT4290",
    date = Downloaded {2015-11-11} 
}

@phdthesis{fielding2000,
    title = "Successful teamwork: A case study",
    author = "Pina Tarricone and Joe Luca",
    year = "2000",
    school = "University of California, Irvine"
    url = "http://www.ics.uci.edu/~fielding/pubs/dissertation/rest_arch_style.htm"
}

@inproceedings{teamwork,
  author = 	 {Pina Tarricone and Joe Luca},
  title = 	 {Successful teamwork: A case study},
  booktitle = {Quality Conversations, Proceedings of the 25th HERDSA Annual Conference},
  pages = 	 {640--646},
  year = 	 {2002},
  publisher = HERDSA,
  pdf = {http://www.unice.fr/crookall-cours/teams/docs/team\%20Successful\%20teamwork.pdf},
  keywords = {teamwork, higher education, authentic environment},
}
